@article{shyamal2024probabilistic,
  title={Probabilistic Factorial Experimental Design for Combinatorial Interventions},
  author={Shyamal, Divya and Zhang, Jiaqi and Uhler, Caroline},
  journal={arXiv preprint arXiv:2506.03363},
  year={2025},
  url={https://doi.org/10.48550/arXiv.2506.03363}
}